@article{Kim:2014vt,
author = {Kim, Yoon},
title = {{Convolutional Neural Networks for Sentence Classification.}},
journal = {CoRR},
year = {2014},
volume = {cs.CL}
}

@article{Zhang:2015tp,
author = {Zhang, Ye and Wallace, Byron C},
title = {{A Sensitivity Analysis of (and Practitioners' Guide to) Convolutional Neural Networks for Sentence Classification.}},
journal = {CoRR},
year = {2015}
}

@article{Wang:2015ts,
author = {Wang, Peng and Xu, Jiaming and Xu, Bo and Liu, Cheng-Lin and Zhang, Heng and Wang, Fangyuan and Hao, Hongwei},
title = {{Semantic Clustering and Convolutional Neural Network for Short Text Categorization.}},
journal = {ACL},
year = {2015}
}

@article{Zhang:2015vu,
author = {Zhang, Xiang and Zhao, Junbo and LeCun, Yann},
title = {{Character-level Convolutional Networks for Text Classification}},
journal = {arXiv.org},
year = {2015},
eprint = {1509.01626v3},
eprinttype = {arxiv},
eprintclass = {cs.LG},
month = sep
}

